% Obstacle Avoidance
@conference{Khatib:1985:APF,
	author		= "Oussama Khatib",
	title		= "Real-time {O}bstacle {A}voidance for {M}anipulators and {M}obile {R}obots",
	booktitle	= "IEEE Intl. Conf. on Robotics and Automation",
	year		= "1985",
	month		= "March"
}

@article{Borenstein:1991:VFH,
	author		= "Johann Borenstein and Yehuda Koren",
	title		= "{T}he {V}ector {F}ield {h}istogram - {F}ast {O}bstacle {A}voidance for {M}obile {R}obots",
	journal		= "IEEE Journal of Robotics and Automation",
	volume		= "7",
	number		= "3",
	year		= "1991",
	pages		= "278--288"
}

@conference{Simmons:1996:CVM,
	author		= "Reid Simmons",
	title		= "The {C}urvature-{V}elocity {M}ethod for {L}ocal {O}bstacle {A}voidance",
	booktitle	= "IEEE Intl. Conf. on Robotics and Automation",
	year		= "1996",
	month		= "April"
}

@conference{Simmons:1998:LCM,
	author		= "Reid Simmons and Nak Yong Ko",
	title		= "The {L}ane-{C}urvature {M}ethod for {L}ocal {O}bstacle {A}voidance",
	booktitle	= "IEEE Intl. Conf. on Intelligent Robots and Systems",
	year		= "1998",
	month		= "October"
}

@article{Thrun:1997:DW,
	author		= "Dieter Fox and Wolfram Burgard and Sebastian Thrun",
	title		= "The {D}ynamic {W}indow {A}pproach to {C}ollision {A}voidance",
	journal		= "IEEE Robotics and Automation Magazine",
	volume		= "4",
	pages		= "23--33",
	year		= "1997",
	month		= "March",
}

@conference{Ulrich:1998:VFHPlus,
	author		= "Iwan Ulrich and Johann Borenstein",
	title		= "{VFH+}: {R}eliable {O}bstacle {A}voidance for {F}ast {M}obile {R}obots",
	booktitle	= "IEEE Intl. Conf. on Robotics and Automation",
	year		= "1998",
	month		= "May",
	pages		= "1572--1577"
}

@book{Siegwart:2004:IAMR,
	author		= "Roland Siegwart and Illah R. Nourbakhsh",
	title		= "Introduction to {A}utonomous {M}obile {R}obots",
	edition		= "1st",
	year 		= "2004",
	publisher	= "The MIT Press"
}

% Geodesy
@book{El-Rabbany:2006:IntroGPS,
	author		= "Ahmed El-Rabbany",
	title		= "Introduction to {G}PS: {T}he {G}lobal {P}ositioning {S}ystem",
	edition		= "2nd",
	year		= "2006",
	publisher	= "Artech House"
}

@article{Karney:2013:Algorithms_for_Geodesics,
	author		= "Charles F. F. Karney",
	title		= "Algorithms for {G}eodesics",
	journal		= "Journal of Geodesy",
	volume		= "87",
	pages		= "43--55",
	year		= "2013",
	month		= "January"
}

@booklet{Jekeli:2006:GRSinGeodesy,
	author		= "Christopher Jekeli",
	title		= "Geometric {R}efrence {S}ystems in {G}eodesy",
	year		= "2006",
}

@misc{website:GeographicLib,
	author		= "Charles F. F. Karney",
	title		= "GeographicLib library",
	month		= "May",
	year		= "2014",
	howpublished	= {\url{http://geographiclib.sourceforge.net/html/index.html}}
}

% Manual
@manual{Xsens:2012:MTiG_Manual,
	author		= "Xsens Technologies B.V.",
	title		= "MTi-G {U}ser {M}anual and {T}echnical {D}ocumentation",
	month		= "March",
	year		= "2012"
}

@manual{HOKUYO:2009:URG_Manual,
	author		= "{HOKUYO} {A}utomatic {C}o., {L}td",
	title		= "Scanning Laser Range Finder URG-04LX-UG01 (Simple-URG) Specifications",
	month		= "August",
	year		= "2009"
}

% Master Thesis
@mastersthesis{Liu:2012:Thesis,
	author		= "呂明修",
	title		= "{GPS}與{IMU}應用於自主式四驅越野車輛之研究",
	school		= "國立雲林科技大學",
	year		= "2012",
	month		= "六月"
}

@mastersthesis{Chen:2011:Thesis,
	author		= "陳維懋",
	title		= "自主式四驅越野車輛之開發",
	school		= "國立雲林科技大學",
	year		= "2011",
	month		= "六月"
}
